<record><leader>00000cas a2200000 a 4500</leader><controlfield tag="001">12434819</controlfield><controlfield tag="008">850828d18911892ksuwr ne      0    0eng d</controlfield><datafield ind1=" " ind2=" " tag="010"><subfield code="a">sn 85031830 </subfield></datafield><datafield ind1=" " ind2=" " tag="040"><subfield code="a">KSH</subfield><subfield code="b">eng</subfield><subfield code="c">KSH</subfield><subfield code="d">NPT</subfield><subfield code="d">OCL</subfield><subfield code="d">OCLCQ</subfield></datafield><datafield ind1=" " ind2=" " tag="042"><subfield code="a">msc</subfield></datafield><datafield ind1="0" ind2="4" tag="245"><subfield code="a">The Scott County lever.</subfield></datafield><datafield ind1=" " ind2=" " tag="260"><subfield code="a">Scott City, Kan. :</subfield><subfield code="b">J.C. Starr,</subfield><subfield code="c">1891-1892.</subfield></datafield><datafield ind1=" " ind2=" " tag="300"><subfield code="a">2 v. :</subfield><subfield code="b">ill. ;</subfield><subfield code="c">54 cm.</subfield></datafield><datafield ind1=" " ind2=" " tag="310"><subfield code="a">Weekly</subfield></datafield><datafield ind1="0" ind2=" " tag="362"><subfield code="a">Vol. 5, no. 26 (Feb. 19, 1891)-v. 7, no. 16 (Dec. 1, 1892).</subfield></datafield><datafield ind1=" " ind2=" " tag="500"><subfield code="a">"Reform;" "Alliance movement."</subfield></datafield><datafield ind1=" " ind2=" " tag="752"><subfield code="a">United States</subfield><subfield code="b">Kansas</subfield><subfield code="c">Scott</subfield><subfield code="d">Scott City.</subfield></datafield><datafield ind1="0" ind2="0" tag="780"><subfield code="t">Sentinel-herald (Scott City, Kan.)</subfield><subfield code="w">(DLC)sn 85031829</subfield></datafield><datafield ind1="0" ind2="7" tag="785"><subfield code="t">Scott County news (Scott City, Kan. : 1886)</subfield><subfield code="w">(DLC)sn 85031831</subfield></datafield><datafield ind1="0" ind2="7" tag="785"><subfield code="t">Scott County news-lever</subfield><subfield code="w">(DLC)sn 85031832</subfield></datafield><datafield ind1="1" ind2=" " tag="029"><subfield code="a">AU@</subfield><subfield code="b">000022173356</subfield></datafield></record>